<?xml version="1.0" encoding="UTF-8"?><record xmlns="http://www.loc.gov/MARC21/slim" xmlns:cinclude="http://apache.org/cocoon/include/1.0" xmlns:zs="http://www.loc.gov/zing/srw/">
  <leader>00543cz  a2200157n  4500</leader>
  <controlfield tag="001">n  83237006 </controlfield>
  <controlfield tag="003">DLC</controlfield>
  <controlfield tag="005">19960523161652.5</controlfield>
  <controlfield tag="008">831011n| acannaab|          |a aaa |||  </controlfield>
  <datafield tag="010" ind1=" " ind2=" ">
    <subfield code="a">n  83237006 </subfield>
  </datafield>
  <datafield tag="040" ind1=" " ind2=" ">
    <subfield code="a">DLC</subfield>
    <subfield code="c">DLC</subfield>
    <subfield code="d">DLC</subfield>
  </datafield>
  <datafield tag="100" ind1="1" ind2="0">
    <subfield code="a">Tejera, V.</subfield>
    <subfield code="q">(Victorino)</subfield>
  </datafield>
  <datafield tag="400" ind1="1" ind2="0">
    <subfield code="a">Tejera, Victorino</subfield>
  </datafield>
  <datafield tag="670" ind1=" " ind2=" ">
    <subfield code="a">His Plato's dialogues one by one, 1983:</subfield>
    <subfield code="b">CIP t.p. (V. Tejera)</subfield>
  </datafield>
  <datafield tag="670" ind1=" " ind2=" ">
    <subfield code="a">LC data base, 10-5-83</subfield>
    <subfield code="b">(hdg.: Tejera, Victorino; usage: Victorino Tejera)</subfield>
  </datafield>
  <datafield tag="670" ind1=" " ind2=" ">
    <subfield code="a">American modern, 1996:</subfield>
    <subfield code="b">CIP t.p. (Victorino Tejera) data sheet (b. 11/02/22)</subfield>
  </datafield>
</record>